@misc{Geant4,
      title = "{G}eant4 website",
      howpublished = "\url{http://geant4.cern.ch}",
}

@misc{HepMC,
      title = "{H}ep{MC} {E}vent {R}ecord website",
      howpublished = "\url{http://lcgapp.cern.ch/project/simu/HepMC/}",
}

@misc{Pythia,
      title = "{P}ythia website",
      howpublished = "\url{http://home.thep.lu.se/~torbjorn/Pythia.html}",
}

@misc{MAD-X,
      title = "{MAD-X} website",
      howpublished = "\url{http://madx.web.cern.ch/madx/}",
}

@misc{RHIC,
      title = "{RHIC} accelerator website",
      howpublished = "\url{http://bnl.gov/rhic/}",
}

@misc{STAR,
      title = "{STAR} experiment website",
      howpublished = "\url{http://www.star.bnl.gov}",
}

@misc{BNL,
      title = "{B}rookhaven {N}ational {L}aboratory website",
      howpublished = "\url{http://www.bnl.gov}",
}

@misc{PHOBOS,
      title = "{PHOBOS} experiment website",
      howpublished = "\url{http://www.phobos.bnl.gov/}",
}

@misc{BRAHMS,
      title = "{BRAHMS} experiment website",
      howpublished = "\url{http://www4.rcf.bnl.gov/brahms/WWW/brahms.html}",
}

@misc{PHENIX,
      title = "{PHENIX} experiment website",
      howpublished = "\url{https://www.phenix.bnl.gov/}",
}

@misc{PP2PP,
      title = "$pp2pp$ experiment website",
      howpublished = "\url{http://www.rhic.bnl.gov/pp2pp/}",
}

@article{PP2PP2,
      author         = "Bultmann, S. and Chen, W. and Chiang, I.H. and Chrien,
                        R.E. and Drees, A. and others",
      title          = "{The PP2PP experiment at RHIC: Silicon detectors
                        installed in Roman Pots for forward proton detection close
                        to the beam}",
      journal        = "Nucl.Instrum.Meth.",
      volume         = "A535",
      pages          = "415-420",
      doi            = "10.1016/j.nima.2004.07.162",
      year           = "2004",
      SLACcitation   = "%%CITATION = NUIMA,A535,415;%%",
}

@article{STAR2,
      author         = "Ackermann, K.H. and others",
      title          = "{STAR detector overview}",
      collaboration  = "STAR",
      journal        = "Nucl.Instrum.Meth.",
      volume         = "A499",
      pages          = "624-632",
      doi            = "10.1016/S0168-9002(02)01960-5",
      year           = "2003",
      SLACcitation   = "%%CITATION = NUIMA,A499,624;%%",
}

@book{barone,
      author         = "Barone, Vincenzo and Predazzi, Enrico",
      title          = "{High-Energy Particle Diffraction}",
      publisher      = "Springer-Verlag",
      address        = "Berlin Heidelberg",
      year           = "2002",
      url            = "http://www-spires.fnal.gov/spires/find/books/www?cl=QC794.6.C6B37::2002",
      volume         = "v.565",
      series         = "Texts and Monographs in Physics",
      ISBN           = "3540421076",
      SLACcitation   = "%%CITATION = INSPIRE-588021;%%"
}

@book{pomeronAndQCD,
      author         = "Donnachie, S. and Dosch, Hans Gunter and Nachtmann, O.
                        and Landshoff, P.",
      title          = "{Pomeron physics and QCD}",
      journal        = "Camb. Monogr. Part. Phys. Nucl. Phys. Cosmol.",
      volume         = "19",
      year           = "2002",
      pages          = "1-347",
      SLACcitation   = "%%CITATION = CMPCE,19,1;%%"
}


@book{IntroductionToRegge,
      author         = "Collins, P. D. B.",
      title          = "{An Introduction to Regge Theory and High-Energy
                        Physics}",
      publisher      = "Cambridge Univ. Press",
      address        = "Cambridge, UK",
      year           = "2009",
      url            = "http://www-spires.fnal.gov/spires/find/books/www?cl=QC793.3.R4C695",
      series         = "Cambridge Monographs on Mathematical Physics",
      ISBN           = "9780521110358",
      SLACcitation   = "%%CITATION = INSPIRE-127083;%%"
}


@article{LSmodel,
      author         = "Lebiedowicz, P. and Szczurek, A.",
      title          = "{Exclusive $pp \to pp \pi^{+}\pi^{-}$ reaction: From the
                        threshold to LHC}",
      journal        = "Phys. Rev.",
      volume         = "D81",
      year           = "2010",
      pages          = "036003",
      doi            = "10.1103/PhysRevD.81.036003",
      eprint         = "0912.0190",
      archivePrefix  = "arXiv",
      primaryClass   = "hep-ph",
      SLACcitation   = "%%CITATION = ARXIV:0912.0190;%%"
}

@article{LSmodel2,
      author         = "Lebiedowicz, Piotr and Nachtmann, Otto and Szczurek,
                        Antoni",
      title          = "{Central exclusive diffractive production of
                        $\pi^{+}\pi^{-}$ continuum, scalar and tensor resonances
                        in $pp$ and $p \bar{p}$ scattering within tensor pomeron
                        approach}",
      journal        = "Phys. Rev.",
      volume         = "D93",
      year           = "2016",
      number         = "5",
      pages          = "054015",
      doi            = "10.1103/PhysRevD.93.054015",
      eprint         = "1601.04537",
      archivePrefix  = "arXiv",
      primaryClass   = "hep-ph",
      SLACcitation   = "%%CITATION = ARXIV:1601.04537;%%"
}



@article{Schicker,
      author         = "Fiore, R. and Jenkovszky, L. and Schicker, R.",
      title          = "{Resonance production in Pomeronâ€“Pomeron collisions at
                        the LHC}",
      journal        = "Eur. Phys. J.",
      volume         = "C76",
      year           = "2016",
      number         = "1",
      pages          = "38",
      doi            = "10.1140/epjc/s10052-015-3846-2",
      eprint         = "1512.04977",
      archivePrefix  = "arXiv",
      primaryClass   = "hep-ph",
      SLACcitation   = "%%CITATION = ARXIV:1512.04977;%%"
}



@article{DurhamModel,
      author         = "Harland-Lang, L. A. and Khoze, V. A. and Ryskin, M. G.",
      title          = "{Modelling exclusive meson pair production at hadron
                        colliders}",
      journal        = "Eur. Phys. J.",
      volume         = "C74",
      year           = "2014",
      pages          = "2848",
      doi            = "10.1140/epjc/s10052-014-2848-9",
      eprint         = "1312.4553",
      archivePrefix  = "arXiv",
      primaryClass   = "hep-ph",
      reportNumber   = "IPPP-13-102, DCPT-13-204",
      SLACcitation   = "%%CITATION = ARXIV:1312.4553;%%"
}


@article{DPtFilter,
      author         = "Close, Frank E. and Kirk, Andrew",
      title          = "{A Glueball - q anti-q filter in central hadron
                        production}",
      journal        = "Phys. Lett.",
      volume         = "B397",
      year           = "1997",
      pages          = "333-338",
      doi            = "10.1016/S0370-2693(97)00222-0",
      eprint         = "hep-ph/9701222",
      archivePrefix  = "arXiv",
      primaryClass   = "hep-ph",
      reportNumber   = "RAL-96-101, BHAM-HEP-96-05",
      SLACcitation   = "%%CITATION = HEP-PH/9701222;%%"
}


@misc{Luminosity,
      howpublished = "\url{http://www.star.bnl.gov/protected/common/common2015/trigger2015/lumipp200GeV/}",
}

@misc{onlineRpTriggersMonitoring,
      howpublished = "\url{https://online.star.bnl.gov/rp/pp200/}",
}

@misc{RunLog,
      howpublished = "\url{https://online.star.bnl.gov/RunLogRun15/}",
}

@misc{AnalysisCodeRepo,
      howpublished = "\url{https://github.com/rafalsikora/CEP-STAR}",
}

@misc{AnalysisNoteRafal,
     % howpublished = "\url{https://github.com/rafalsikora/CEP-STAR-AnalysisNote/blob/master/CEP_AnalysisNote.pdf}",
      howpublished = "{To be added}",
}

@misc{AnalysisNoteLukasz,
      %howpublished = "\url{http://home.agh.edu.pl/~fulek/PID_AnalysisNote.pdf}",
      howpublished = "{To be added}",
}

@misc{ElasticNote,
      howpublished = "\url{https://drupal.star.bnl.gov/STAR/system/files/userfiles/265/TotalElastic200GeVAnalysisNote(3).pdf}",
}

@misc{PicoDstDescription,
      author    = "Adamczyk, L.",
      howpublished = "\url{https://drupal.star.bnl.gov/STAR/system/files/talk_42.pdf}",
      year     = "2016",
      month    = "March",
}

@misc{ProductionList,
      howpublished = "\url{http://www.star.bnl.gov/public/comp/prod/DataSummary.html}",
}

@misc{RevertexingProposal,
      howpublished = "\url{https://drupal.star.bnl.gov/STAR/event/2017/09/27/software-and-computing-meeting/revertexing-2015-rp-stream}",
}

@misc{Labeling,
    author    = "Sikora, R.",
    title     = "{Naming convention and layout of the Roman Pot Phase II* subsystem in the STAR experiment}",
    howpublished = "\url{https://drupal.star.bnl.gov/STAR/system/files/RomanPotNomenclature_0.pdf}",
    year     = "2014",
    month    = "October",
}

@misc{MomentumReco,
    author    = "Sikora, R.",
    title     = "{Momentum reconstruction with the Roman Pot Phase II* subsystem}",
    howpublished = "\url{https://drupal.star.bnl.gov/STAR/system/files/MomentumReconstruction_1.pdf}",
    year     = "2015",
    month    = "August",
}

@misc{RpRecoAlgo,
    author    = "Sikora, R.",
    title     = "{Track reconstruction algorithm update}",
    howpublished = "\url{https://drupal.star.bnl.gov/STAR/system/files/Rafal_pp2pp-UPC_21October2015.pdf}",
    year     = "2015",
    month    = "October",
}


@misc{AlignmentValidation,
    author    = "Fulek, L.",
    title     = "{Geant4 simulation status}",
    howpublished = "\url{https://drupal.star.bnl.gov/STAR/system/files/fulek_January_20_2016.pdf}",
    year     = "2016",
    month    = "January",
}

@misc{RpAfterburner,
    howpublished = "\url{https://drupal.star.bnl.gov/STAR/subsys/romanpot/software/stmurpsutil-roman-pot-data-analysis-utilities-afterburner}",
}

@misc{RpInStEvent,
    author    = "Sikora, R.",
    title     = "{Description of Roman Pot data structure in StEvent}",
    howpublished = "\url{https://drupal.star.bnl.gov/STAR/system/files/RomanPotsInStEvent_0.pdf}",
    year     = "2015",
    month    = "November",
}


@misc{RpTriggers,
    author    = "Alekseev, I. and Lee, J. H.",
    title     = "{Trigger Definitions for RP phase-II* for Run15}",
    howpublished = "\url{https://drupal.star.bnl.gov/STAR/system/files/trigger_updated_run15_v2.doc}",
    year     = "2014",
    month    = "December",
}


@misc{RpTriggers2,
    author    = "Alekseev, I.",
    title     = "{Trigger with Roman Pots Phase II*}",
    howpublished = "\url{https://drupal.star.bnl.gov/STAR/system/files/trigger4RP2_v2.pdf}",
    year     = "2014",
    month    = "December",
}

@article{AlternativeToCrystallBall,
      author         = "Das, Souvik",
      title          = "{A simple alternative to the Crystal Ball function}",
      year           = "2016",
      eprint         = "1603.08591",
      archivePrefix  = "arXiv",
      primaryClass   = "hep-ex",
      SLACcitation   = "%%CITATION = ARXIV:1603.08591;%%"
}


@article{A_N,
      author         = "Adamczyk, L. and others",
      title          = "{Single Spin Asymmetry $A_N$ in Polarized Proton-Proton
                        Elastic Scattering at $\sqrt{s}=200$ GeV}",
      collaboration  = "STAR",
      journal        = "Phys.Lett.",
      volume         = "B719",
      pages          = "62-69",
      doi            = "10.1016/j.physletb.2013.01.014",
      year           = "2013",
      eprint         = "1206.1928",
      archivePrefix  = "arXiv",
      primaryClass   = "nucl-ex",
      SLACcitation   = "%%CITATION = ARXIV:1206.1928;%%",
}

@mastersthesis{Obrebski,
    author    = "T. Obrebski",
    title     = "Measurement of the nuclear slope parameter in {STAR} experiment at {RHIC}",
    school    = "Warsaw University of Technology",
    type      = "{Master Thesis}",
    year      = "2013",
}

@mastersthesis{Sikora,
    author    = "R. Sikora",
    title     = "Elastic proton-proton scattering in the {STAR} experiment at {RHIC}",
    school    = "AGH University of Science and Technology",
    type      = "{Bachelor Thesis}",
    year      = "2013",
}

@mastersthesis{Fulek,
    author    = "L. Fulek",
    title     = "Transport of particles through the {RHIC} accelerator magnet system",
    school    = "AGH University of Science and Technology",
    type      = "{Bachelor Thesis}",
    year      = "2013",
    note      = "Polish edition",
}

@misc{A_N_note,
    author    = "K. Yip and J.H. Lee",
    title     = "{A}nalysis {N}ote for the {S}ingle {T}ransverse-{S}pin {A}symmetries (${A}_{N}$) in elastic p+p collisions at $\sqrt{s}=200~\text{GeV}$",
    howpublished = "Unpublished",
    year     = "2012",
    month    = "February",
}



@manual{Hamamatsu,
  title        = "{H}amamatsu {R}647 {T}echnical {D}ata {S}heet",
  organization = "{H}amamatsu {P}hotonics {K}.{K}.",
  address      = "1126 {I}chino-cho, {H}amamatsu {C}ity, {J}apan",
}

@manual{Bicron,
  title        = "{BC}-400/{BC}-404/{BC}-408/{BC}-412/{BC}-416 {P}remium {P}lastic {S}cintillators",
  organization = "{S}aint-{G}obain {I}ndustrial {C}eramics",
  address      = "12345 {K}insman {R}oad, {N}ewbury, {O}hio 44065, {USA}",
}

@misc{normalizationNote,
    author    = "J. Dunlop and J. Gans and C. Gagliardi and P. Jacobs and J. Klay",
    title     = "p+p normalization and the systematic uncertainty of $\text{R}_{AA}(p_{\text{T}})$",
    howpublished = "Unpublished",
    year     = "2003",
    month    = "April",
}

@misc{slewingPresentation,
    author    = "R. Sikora",
    title     = "Time-of-fight corrections on pp2pp 2009 data - UPDATE",
    howpublished = "Unpublished",
    year     = "2013",
    month    = "May",
    note     = "Presentation at working group meeting"
}

@article{WCM,
      author         = "Cameron, P.R. and Lee, R.C. and Shea, T.J. and van
                        Zeijts, J. and Barsotti, E. and others",
      title          = "{The RHIC wall current monitor system}",
      pages          = "2146-2148",
      year           = "1999",
      journal        = "Proceedings of the Particle Accelerator Conference",
      SLACcitation   = "%%CITATION = INSPIRE-517261;%%",
}

@article{Tyvek,
      author         = "Nozka, Libor and Pech, Miroslav and Hiklova, Helena and
                        Mandat, Dusan and Hrabovsky, Miroslav and others",
      title          = "{BRDF profile of Tyvek and its implementation in the
                        Geant4 simulation toolkit}",
      journal        = "Opt.Express",
      volume         = "19",
      pages          = "4199-4209",
      doi            = "10.1364/OE.19.004199",
      year           = "2011",
      SLACcitation   = "%%CITATION = OPEXF,19,4199;%%",
}

@article{BBC,
      author         = "Whitten, C.A.",
      title          = "{The beam-beam counter: A local polarimeter at STAR}",
      collaboration  = "STAR",
      journal        = "AIP Conf.Proc.",
      volume         = "980",
      pages          = "390-396",
      doi            = "10.1063/1.2888113",
      year           = "2008",
      SLACcitation   = "%%CITATION = APCPC,980,390;%%",
}

@article{BeamOptics,
      author         = "Pile, P.H. and Tepikian, S. and Yip, K. and Guryn, W. and
                        Lee, J.H.",
      title          = "{Beam Optics and the pp2pp Setup of the STAR Experiment
                        at RHIC}",
      journal        = "Conf.Proc.",
      volume         = "C1205201",
      pages          = "1311-1313",
      year           = "2012",
      reportNumber   = "IPAC-2012-TUPPC060",
      SLACcitation   = "%%CITATION = CONFP,C1205201,1311;%%",
}


@article{BvsS,
      author         = "Okorokov, V.A.",
      title          = "{Diffraction slopes for elastic proton-proton and
                        proton-antiproton scattering}",
      year           = "2008",
      eprint         = "0811.0895",
      archivePrefix  = "arXiv",
      primaryClass   = "hep-ph",
      SLACcitation   = "%%CITATION = ARXIV:0811.0895;%%",
}

@article{TotalCS,
      author         = "Donnachie, A. and Landshoff, P.V.",
      title          = "{Total cross-sections}",
      journal        = "Phys.Lett.",
      volume         = "B296",
      pages          = "227-232",
      doi            = "10.1016/0370-2693(92)90832-O",
      year           = "1992",
      eprint         = "hep-ph/9209205",
      archivePrefix  = "arXiv",
      primaryClass   = "hep-ph",
      reportNumber   = "CERN-TH-6635-92",
      SLACcitation   = "%%CITATION = HEP-PH/9209205;%%",
}

@article{rho,
      author         = "Augier, C. and others",
      title          = "{Predictions on the total cross-section and real part at
                        LHC and SSC}",
      collaboration  = "UA4/2",
      journal        = "Phys.Lett.",
      volume         = "B315",
      pages          = "503-506",
      doi            = "10.1016/0370-2693(93)91647-6",
      year           = "1993",
      reportNumber   = "CERN-PPE-93-121",
      SLACcitation   = "%%CITATION = PHLTA,B315,503;%%",
}

@article{elasticSlopeRHIC,
      author         = "Bueltmann, Stephen L. and Chiang, I.H. and Chrien, R.E.
                        and Drees, A. and Gill, R.L. and others",
      title          = "{First measurement of proton proton elastic scattering at
                        RHIC}",
      journal        = "Phys.Lett.",
      volume         = "B579",
      pages          = "245-250",
      doi            = "10.1016/j.physletb.2003.11.023",
      year           = "2004",
      eprint         = "nucl-ex/0305012",
      archivePrefix  = "arXiv",
      primaryClass   = "nucl-ex",
      SLACcitation   = "%%CITATION = NUCL-EX/0305012;%%",
}


@misc{dcaTicket,
      howpublished = "\url{https://www.star.bnl.gov/rt3/SelfService/Display.html?id=3332}",
}

@misc{dedxTicket,
      howpublished = "\url{https://www.star.bnl.gov/rt3/SelfService/Display.html?id=3272}",
}

@misc{deadMatSlides,
      howpublished = "\url{https://drupal.star.bnl.gov/STAR/system/files/LFSUPC_PWGMeeting_RafalSikora_23April2018.pdf}",
}

@misc{tofL0MultExplanation,
      howpublished = "\url{https://www.star.bnl.gov/HyperNews-star/protected/get/startof/2730.html}"},
      
@misc{alignmentPresentation,
      howpublished = "\url{https://drupal.star.bnl.gov/STAR/system/files/pawlik_alignment_28_Oct_2015.pdf}"},
      
@misc{alignmentDirectory,
      howpublished = "\url{https://www.star.bnl.gov/~pawlik/AutoIndex.php?dir=Geometry/pp2pp/}"},
      
@misc{surveyNote,
      howpublished = "\url{https://drupal.star.bnl.gov/STAR/system/files/survey.pdf}"},
      
@misc{alignmentNote,
      howpublished = "to be added"},
      
@misc{AverageVertex,
      howpublished = "\url{https://drupal.star.bnl.gov/STAR/system/files/Rafal_AlignmentBiweekly_4March2016.pdf}"},
      
@misc{AverageVertexBogdan,
      howpublished = "\url{https://www.star.bnl.gov/~pawlik/AutoIndex.php?dir=Geometry/pp2pp/README/&file=IP_and_MPT_positions.pdf}"},

@misc{Geant4Presentation,
      howpublished = "\url{https://drupal.star.bnl.gov/STAR/system/files/LFS_UPC_Geant4SimulationOfRomanPots_17October2016.pdf}"
}
      
@mastersthesis{Sikora:2014hca,
      author         = "Sikora, Rafal",
      title          = "{Study of elastic proton-proton scattering with the STAR
                        detector at RHIC}",
      school         = "AGH-UST, Cracow",
      year           = "2014-06-20",
      url            = "https://drupal.star.bnl.gov/STAR/theses/masters/rafalsikora",
      doi            = "10.13140/2.1.3257.6004",
      SLACcitation   = "%%CITATION = INSPIRE-1391943;%%"
}